@INPROCEEDINGS{5686847, 
author={Lofaro, D.M. and Oh, P. and JunHo Oh and Youngmoo Kim}, 
booktitle={Humanoid Robots (Humanoids), 2010 10th IEEE-RAS International Conference on}, title={Interactive musical participation with humanoid robots through the use of novel musical tempo and beat tracking techniques in the absence of auditory cues}, 
year={2010}, 
pages={436-441}, 
keywords={audio signal processing;auditory displays;fast Fourier transforms;humanoid robots;interactive systems;music;robot vision;Jaemi Hubo;beat tracking;computer vision;digital signal processing;fast Fourier transform;humanoid robot;interactive musical participation;live musical performance;motion data;musical tempo tracking;optic flow algorithm;Feeds;Humanoid robots;Indexes;Integrated optics;Streaming media;Timing}, 
doi={10.1109/ICHR.2010.5686847},}



@INPROCEEDINGS{lofaroGamesRobot, 
author={Lofaro, D.M. and Ellenberg, R. and Oh, P.}, 
booktitle={Humanoid Robots (Humanoids), 2010 10th IEEE-RAS International Conference on}, title={Interactive Games With Humanoids: Playing With Jaemi Hubo}, 
year={2010}, }


@INPROCEEDINGS{lofaroIASTED2011, 
author={Lofaro, D.M. and Grunberg, D. and Oh, P. and Kim, Y. and Oh, JH.}, 
booktitle={International Association of Science and Technology (IASTED), 2011 International Conference on Robotics}, 
title={Design of Humanoids as Interactive Musical Participants}, 
year={2011}, }

@INPROCEEDINGS{6094987, 
author={Grunberg, D.K. and Lofaro, D.M. and Oh, P.Y. and Kim, Y.E.}, 
booktitle={Intelligent Robots and Systems (IROS), 2011 IEEE/RSJ International Conference on}, title={Robot audition and beat identification in noisy environments}, 
year={2011}, 
pages={2916-2921}, 
keywords={Acoustics;Microphones;Noise;Robot sensing systems;Spectrogram;Tracking}, 
doi={10.1109/IROS.2011.6094987}, 
ISSN={2153-0858},}


@INPROCEEDINGS{lofaroEURASIP2011, 
author={Kim, Y. and Lofaro, D.M. and Batulla A. and Grunberg, D.}, 
booktitle={EURASIP Journal on Audio, Speech, and Music Processing, 2011}, 
title={Towards a musically-aware humanoid for interactive music performance}, 
year={2011}, }

@INPROCEEDINGS{6393290, 
author={Lynch, K. and Lofaro, D.M. and Oh, P.}, 
booktitle={Control, Automation and Systems (ICCAS), 2012 12th International Conference on}, title={A n-dimensional convex hull approach for fault detection and mitigation for high degree of freedom robots humanoid robots}, 
year={2012}, 
pages={790-797}, 
keywords={fault diagnosis;fault tolerance;humanoid robots;legged locomotion;self-adjusting systems;state estimation;Hubo robot;autonomic computing tool;error state determination;error state diagnosis;fault detection;fault mapping;fault mitigation;high degree of freedom robot;humanoid robot;mitigation selection;n-dimensional convex hull approach;n-dimensional geometric enclosure;periodic measurement;robot normal operating state;safe operating state;Actuators;Biomedical monitoring;Humanoid robots;Monitoring;Software;Error Mitigation;Fault Detection;Humanoid Robotics;n-dimensional Convex Hull},}

@INPROCEEDINGS{6385987, 
author={Lofaro, D.M. and Ellenberg, R. and Oh, P. and Oh, J.}, 
booktitle={Intelligent Robots and Systems (IROS), 2012 IEEE/RSJ International Conference on}, title={Humanoid throwing: Design of collision-free trajectories with sparse reachable maps}, 
year={2012}, 
pages={1519-1524}, 
keywords={Jacobian matrices;collision avoidance;dexterous manipulators;end effectors;humanoid robots;manipulator kinematics;position control;sampling methods;sparse matrices;velocity control;Jacobian transpose controller method;collision-free trajectory design;degree-of-freedom position controlled-high-gain robots;end-effector velocity control;end-effector velocity direction;end-effector velocity magnitude;forward kinematics;humanoid Jaemi Hubo robot;inverse kinematics;joint space;object throwing;random sampling;reachable end-effector position sparse map;robot collision model;self-collision detection;sparse reachable maps;Acceleration;Aerospace electronics;Collision avoidance;Joints;Kinematics;Robots;Trajectory}, 
doi={10.1109/IROS.2012.6385987}, 
ISSN={2153-0858},}

@INPROCEEDINGS{6462956, 
author={Lofaro, D.M. and Oh, P.}, 
booktitle={Ubiquitous Robots and Ambient Intelligence (URAI), 2012 9th International Conference on}, title={Humanoid throws inaugural pitch at Major League Baseball game: Challenges, approach, implementation and lessons learned}, 
year={2012}, 
pages={153-157}, 
keywords={end effectors;humanoid robots;interpolation;motion control;robot kinematics;sport;trajectory control;Hubo series robot;animation industry;end effector;full body throwing trajectory;full-size humanoid;human throwing motion;inaugural pitch;interpolation methods;kinematic mapping;major league baseball game;motion capture system;sparse reachable map;Humans;Joints;Kinematics;Robot kinematics;Sports equipment;Trajectory}, 
doi={10.1109/URAI.2012.6462956},}

@INPROCEEDINGS{lofaroHumanoids2012, 
author={Lofaro, D.M. and Sun, C. and Oh, P.}, 
booktitle={Humanoid Robots (Humanoids), 2012 12th IEEE-RAS International Conference on}, 
title={Humanoid Pitching at a Major League Baseball Game: Challenges, Approach, Implementation and Lessons Learned}, 
year={2012}, }

@INPROCEEDINGS{lofaroRAM2013, 
author={Dantam, N. and Lofaro, D.M. and Hereid, A. and Oh, P. and Ames, A. and Stilman, M.}, 
booktitle={IEEE Robotics and Automation Magazine}, 
title={Reliable Software for Humanoid Robots}, 
year={2013}, }

@INPROCEEDINGS{lofaroTePRA2013HuboAch, 
author={Grey, M. and Dantam, N. and Stilman, M. and Lofaro, D.M.}, 
booktitle={IEEE International Conference on Technologies for Practical Robot Applications}, 
title={Multi-Process Architecture for Robust Control the Hubo2+ Robot}, 
year={2013}, }

@INPROCEEDINGS{lofaroTePRA2013Valve, 
author={Alunni, N. and Phillips-Graffin, C. and Suay, H. and Lofaro, D.M. and Berenson, D.}, 
booktitle={IEEE International Conference on Technologies for Practical Robot Applications}, 
title={Toward A User-Guided Manipulation Framework for High-DOF Robots with Limited Communication}, 
year={2013}, }


@INPROCEEDINGS{gtechIK, 
author={O'Flaherty, R. and Vieira, P. and Grey M.X. and Oh, P. and Bobick, A. and Egerstedt, M. and Stilman, M.}, 
booktitle={IEEE International Conference on Technologies for Practical Robot Applications}, 
title={Humanoid Robot Teleoperation for Tasks with Power Tools}, 
year={2013}, }

@book{peiper1968kinematics,
  title={The Kinematics of Manipulators Under Computer Control},
  author={Peiper, D.L.},
  url={http://books.google.com/books?id=g4tqNwAACAAJ},
  year={1968},
  publisher={Stanford University California Department of Computer Science Defense Technical Information Center}
}


@INPROCEEDINGS{5649842, 
author={Ali, M.A. and Park, H.A. and Lee, C. S G}, 
booktitle={Intelligent Robots and Systems (IROS), 2010 IEEE/RSJ International Conference on}, title={Closed-form inverse kinematic joint solution for humanoid robots}, 
year={2010}, 
pages={704-709}, 
keywords={Jacobian matrices;humanoid robots;iterative methods;robot kinematics;Hubo KHR-4 humanoid robots;Jacobian matrix;closed-form inverse kinematic joint solution;computer simulations;iterative methods;orientation mechanisms;positioning mechanisms;reverse decoupling mechanism method;Inverse Kinematics;Inverse Transform;Reverse Decoupling Method}, 
doi={10.1109/IROS.2010.5649842}, 
ISSN={2153-0858},}

@book{fu1987robotics,
  title={Robotics: control, sensing, vision, and intelligence},
  author={Fu, K.S. and Gonz{\'a}lez, R.C. and Lee, C.S.G.},
  isbn={9780070226258},
  lccn={lc86007156},
  series={McGraw-Hill series in CAD/CAM robotics and computer vision},
  url={http://books.google.com/books?id=VkdSAAAAMAAJ},
  year={1987},
  publisher={McGraw-Hill}
}

@INPROCEEDINGS{gtechIK2, 
author={O'Flaherty, R. and Vieira, P. and Grey M.X. and Oh, P. and Bobick, A. and Egerstedt, M. and Stilman, M.}, 
booktitle={Tech. Rep. GT-GOLEM-2013-001, Georgia Institute of Technology, Atlanta, GA}, 
title={Computing the analytical inverse kinematics for the arms and legs of hubo2+}, 
year={2013}, }

@INPROCEEDINGS{4046335, 
author={Paul, R.P. and Shimano, B.}, 
booktitle={Decision and Control including the 17th Symposium on Adaptive Processes, 1978 IEEE Conference on}, title={Kinematic control equations for simple manipulators}, 
year={1978}, 
volume={17}, 
pages={1398-1406}, 
keywords={Equations;Helium;Jacobian matrices;Kinematics}, 
doi={10.1109/CDC.1978.268148},}

@INPROCEEDINGS{4115633, 
author={Ill-Woo Park and Jung-Yup Kim and Jun-Ho Oh}, 
booktitle={Humanoid Robots, 2006 6th IEEE-RAS International Conference on}, title={Online Biped Walking Pattern Generation for Humanoid Robot KHR-3(KAIST Humanoid Robot - 3: HUBO)}, 
year={2006}, 
pages={398-403}, 
keywords={feedback;humanoid robots;interpolation;legged locomotion;motion control;poles and zeros;polynomials;position control;robot dynamics;stability;vibration control;Cartesian coordinate space;HUBO;KAIST Humanoid Robot-3;KHR-3 humanoid robot;accelerometers;ankle position;cycloid function;damping;dynamic balance;gait trajectory;landing orientation;landing position controller;landing shock;landing timing;linear function;online biped walking pattern generation;polynomial function;sensory feedback controller;sinusoidal function;vibration reduction;walking pattern trajectory;walking period;walking stability;walking stride;zero moment point;Actuators;Adaptive control;Boundary conditions;Force sensors;Humanoid robots;Legged locomotion;Polynomials;Robot kinematics;Robot sensing systems;Torque;Biped walking;HUBO;Humanoid;Walking pattern generation}, 
doi={10.1109/ICHR.2006.321303},}

@misc{wpiHackathon,
  Author = {Lofaro, D. and Luo, J. and Hauser, K. and Berenson, D.},
  Institution = {Worchester Polytechnic Institute},
  Howpublished = {Worchester Polytechnic Institute, Interactive Session},
  Month = {April},
  Year = {2013},
  Title = {DARPA Robotics Challenge DRC-Hubo Team Hack-a-thon}
}

@ONLINE{drc,
author = {Pratt, G},
title = {DARPA Robotics Challenge},
month = oct,
year = {2012},
url = {http://www.theroboticschallenge.org/}
}


@misc{drOhDARPA,
  Author = {Oh, P.},
  Institution = {DARPA},
  Howpublished = {Defense Advanced Research Projects Administration, Robotics Challenge Kickoff Meeting Presentation},
  Month = {October},
  Year = {2012},
  Title = {Team DRC-Hubo}
}

@INPROCEEDINGS{videoFriday, 
author={Ackerman, E.}, 
booktitle={IEEE Spectrum Blogs}, 
title={Video Friday: Hubo and Valves, UAVs and Lasers, and One Very Lucky Parrot}, 
year={2012}, 
pages={http://spectrum.ieee.org/automaton/robotics/robotics-hardware/video-friday-8562746}, 
}

@book{stevens2005advanced,
  title={Advanced programming in the Unix environment},
  author={Stevens, W.R. and Rago, S.A.},
  isbn={9780201433074},
  lccn={2005007943},
  series={Addison-Wesley professional computing series},
  url={http://books.google.com/books?id=D\_VQAAAAMAAJ},
  year={2005},
  publisher={Addison-Wesley}
}

@article{Berenson_2011_6867,
   author = "Dmitry Berenson and Siddhartha Srinivasa and James Kuffner",
   title = "Task Space Regions: A Framework for Pose-Constrained Manipulation Planning",
   journal = "International Journal of Robotics Research (IJRR)",
   pages = "1435 - 1460",
   month = "October",
   year = "2011",
   volume = "30",
   number = "12",
}


@INPROCEEDINGS{ik-844073, 
author={Tevatia, G. and Schaal, S.}, 
booktitle={Robotics and Automation, 2000. Proceedings. ICRA '00. IEEE International Conference on}, 
title={Inverse kinematics for humanoid robots}, 
year={2000}, 
volume={1}, 
pages={294-299 vol.1}, 
keywords={computational complexity;mobile robots;optimisation;real-time systems;robot kinematics;30-DOF humanoid robot;RMRC;computational complexity;computationally efficient solutions;end-effector;extended Jacobian method;humanoid robots;inverse kinematics;kinematic redundancies;numerical estimation techniques;optimization criteria;pseudo-inverse methods;real-time control;resolved motion rate control;Actuators;Humanoid robots;Jacobian matrices;Manipulators;Motion control;Motor drives;Null space;Optimization methods;Orbital robotics;Robot kinematics}, 
doi={10.1109/ROBOT.2000.844073}, 
ISSN={1050-4729},}

@INPROCEEDINGS{ik-99999, 
author={Burdick, J.W.}, 
booktitle={Robotics and Automation, 1989. Proceedings., 1989 IEEE International Conference on}, 
title={On the inverse kinematics of redundant manipulators: characterization of the self-motion manifolds}, 
year={1989}, 
pages={264-270 vol.1}, 
keywords={inverse problems;kinematics;redundancy;robots;disjoint continuous manifolds;inverse kinematics;manifold mapping reformulation;redundant manipulators;self-motion manifolds;Geometry;H infinity control;Jacobian matrices;Kinematics;Manifolds;Manipulators;Mechanical engineering;Motion analysis;Motion control;Null space}, 
doi={10.1109/ROBOT.1989.99999},}
