@INPROCEEDINGS{lofaroURAI,
author={Lofaro, D. and Oh, P.},
booktitle={Intelligent Robots and Systems (IROS), 2012 IEEE/RSJ International Conference on},
title={Humanoid Throws Inaugural Pitch at Major League Baseball Game: Challenges, Approach, Implementation and Lessons Learned},
year={2012},
month={nov.},
}

@INPROCEEDINGS{hubo-first, 
author={Baek-Kyu Cho and Sang-Sin Park and Jun-ho Oh}, 
booktitle={Humanoid Robots, 2009. Humanoids 2009. 9th IEEE-RAS International Conference on}, title={Controllers for running in the humanoid robot, HUBO}, 
year={2009}, 
month={dec.}, 
}


@INPROCEEDINGS{jaemiHuboSRM, 
author={Lofaro, Daniel M. and Ellenberg, Robert and Oh, Paul and Oh, Jun-Ho}, 
booktitle={Intelligent Robots and Systems (IROS), 2012 IEEE/RSJ International Conference on}, title={Humanoid throwing: Design of collision-free trajectories with sparse reachable maps}, 
year={2012}, 
month={oct.}, 
}

@inproceedings{ach,
      author = {N. Dantam and M. Stilman},
      title = {Robust and Efficient Communication for Real-Time Multi-Process Robot Software},
      booktitle = {International Conference on Humanoid Robots (Humanoids)},
      year = {2012}
  }

@book{Gropp:1999:UMP:330577,
 author = {Gropp, William and Lusk, Ewing and Skjellum, Anthony},
 title = {Using MPI (2nd ed.): portable parallel programming with the message-passing interface},
 year = {1999},
 isbn = {0-262-57132-3},
 publisher = {MIT Press},
 address = {Cambridge, MA, USA},
} 

@book{ros,
 author = {Quigley, M. and Gerkey, B. and Conley, K. and Faust, J. and Foote, T. and Leibs, J. and Berger, E. and Wheeler, R. and Ng, A.Y.},
 title = {ROS: an open-source Robot Operating System},
 year = {2009},
booktitle = {Open-Source Software workshop of the International Conference on Robotics and Automation (ICRA)},
} 

@INPROCEEDINGS{1573587, 
author={Ill-Woo Park and Jung-Yup Kim and Jungho Lee and Jun-Ho Oh}, 
booktitle={Humanoid Robots, 2005 5th IEEE-RAS International Conference on}, title={Mechanical design of humanoid robot platform KHR-3 (KAIST Humanoid Robot 3: HUBO)}, 
year={2005}, 
pages={321-326}, 
keywords={humanoid robots;legged locomotion;robot dynamics;125 cm;55 kg;KAIST Humanoid Robot - 3;biped walking;humanoid robot platform;mechanical stiffness;Actuators;Art;Artificial intelligence;Hardware;Humanoid robots;Leg;Legged locomotion;Mechanical engineering;Service robots;Torso}, 
doi={10.1109/ICHR.2005.1573587},}

