@INPROCEEDINGS{multiPC-arch-1185243, 
author={Aramaki, S. and Shirouzu, H. and Kurashige, K.}, 
booktitle={IECON 02 [Industrial Electronics Society, IEEE 2002 28th Annual Conference of the]}, 
title={Control program structure of humanoid robot}, 
year={2002}, 
volume={3}, 
pages={1796-1800 vol.3}, 
keywords={robot programming;control program structure;hierarchical structure;humanoid robot;multi-CPU;multi-OS;multi-task;multiple sensor information;multiple sensor input;planning action;production system;reasoning mechanism;Communication system control;Computer architecture;Humanoid robots;Humans;Production planning;Production systems;Robot sensing systems;Sensor phenomena and characterization;Sensor systems;Software architecture}, 
doi={10.1109/IECON.2002.1185243},}


@Article{         orocos-gadeyne-ijrr2005,
  author        = {Gadeyne, Klaas and Lefebvre, Tine and Bruyninckx, Herman},
  title         = {{B}ayesian Hybrid Model-State Estimation applied to
                  Simultaneous Contact Formation Recognition and Geometrical
                  Parameter Estimation},
  journal       = {The International Journal of Robotics Research},
  volume        = {24},
  number        = {8},
  pages         = {615--630},
  year          = {2005}
}


@INPROCEEDINGS{multi-thread-robot-5602743, 
author={Wei-Tsong Lee and Tin-Yu Wu and Ming-Yang Chen and Yan-Bo Wang and Hung-Yi Lin and Kuo-Hung Liao}, 
booktitle={SICE Annual Conference 2010, Proceedings of}, 
title={Research of multi-thread applications for real-time control systems on humanoid robot embedded platforms}, 
year={2010}, 
pages={2279-2286}, 
keywords={application program interfaces;artificial intelligence;control engineering computing;distributed control;humanoid robots;multi-threading;real-time systems;application programming interfaces;artificial intelligent system;distributed control systems;distributed processing;humanoid robot embedded platforms;multithread applications;race based humanoid robots;real time control systems;Humanoid robots;Linux;Operating systems;Real time systems;Robot sensing systems;Time factors;ARM-Based Embedded System;Intelligent Robot;Multi-thread},}


@INPROCEEDINGS{multi-thread-snake-1541141, 
author={Rai, L. and Soon-Ju Kang}, 
booktitle={Embedded and Real-Time Computing Systems and Applications, 2005. Proceedings. 11th IEEE International Conference on}, 
title={Multi-thread based synchronization of locomotion control in snake robots}, 
year={2005}, 
pages={559-562}, 
keywords={concurrency control;mobile robots;motion control;multi-threading;LEGO sensors;actuator blocks;concurrent programming model;locomotion control;multithread based synchronization;snake robots;Actuators;Inspection;Microcontrollers;Mobile robots;Prototypes;Robot control;Robot kinematics;Robot programming;Robot sensing systems;Yarn}, 
doi={10.1109/RTCSA.2005.62}, 
ISSN={1533-2306},}

@INPROCEEDINGS{multi-thread-5524083, 
author={Zheng Qin and Gu, J.}, 
booktitle={Control and Automation (ICCA), 2010 8th IEEE International Conference on}, 
title={Multi-thread technology based autonomous underwater vehicle}, 
year={2010}, 
pages={898-903}, 
keywords={collision avoidance;control engineering computing;mobile robots;motion control;multi-threading;operating systems (computers);underwater vehicles;QNX neutrino real time operating system;autonomous control system;autonomous underwater vehicle;motion mapping algorithm;multi-thread technology;obstacle avoidance algorithm;sonar data;Control system synthesis;Control systems;Decision making;Histograms;Neutrino sources;Operating systems;Real time systems;Sonar;Underwater vehicles;Yarn}, 
doi={10.1109/ICCA.2010.5524083}, 
ISSN={1948-3449},}


@article{openHRP,
  added-at = {2012-11-13T00:00:00.000+0100},
  author = {Kanehiro, Fumio and Hirukawa, Hirohisa and Kajita, Shuuji},
  biburl = {http://www.bibsonomy.org/bibtex/22bdc28cfcef90a008c8b7d2af911cf2a/dblp},
  ee = {http://dx.doi.org/10.1177/0278364904041324},
  interhash = {6b728884264f4699de86c85c25bd5724},
  intrahash = {2bdc28cfcef90a008c8b7d2af911cf2a},
  journal = {I. J. Robotic Res.},
  keywords = {dblp},
  number = 2,
  pages = {155-165},
  timestamp = {2012-11-13T00:00:00.000+0100},
  title = {OpenHRP: Open Architecture Humanoid Robotics Platform.},
  url = {http://dblp.uni-trier.de/db/journals/ijrr/ijrr23.html#KanehiroHK04},
  volume = 23,
  year = 2004
}

@MISC{Webots,
  AUTHOR = {Webots},
  TITLE  = {http://www.cyberbotics.com},
  NOTE   = {Commercial Mobile Robot Simulation Software},
  EDITOR = {Cyberbotics Ltd.},
  URL    = {http://www.cyberbotics.com}
}