@book{handbookOnRobotics2008springer,
  title={Springer Handbook of Robotics},
  url={http://books.google.com/books?id=rJCtjwEACAAJ},
  year={2008}
}

@misc{robotasimo,
  Author = {Hirose, M. and Takenaka, T.},
  Institution = {Honda R&D Tech Rev},
  Month = {Vol. 13, No. 1., pp. 1-6},
  Year = {2001},
  Title = {Development of Humanoid Robot ASIMO}
}

@INPROCEEDINGS{robotbigdog5509226, 
author={Wooden, D. and Malchano, M. and Blankespoor, K. and Howardy, A. and Rizzi, A.A. and Raibert, M.}, 
booktitle={Robotics and Automation (ICRA), 2010 IEEE International Conference on}, 
title={Autonomous navigation for BigDog}, 
year={2010}, 
pages={4736-4741}, 
keywords={legged locomotion;optical scanners;path planning;robot vision;visual perception;BigDog;autonomous navigation;laser scanner;legged robot;stereo vision system;Aircraft navigation;Hardware;Land vehicles;Legged locomotion;Mobile robots;Road vehicles;Robot sensing systems;Robotics and automation;Stereo vision;Testing}, 
doi={10.1109/ROBOT.2010.5509226}, 
ISSN={1050-4729},}

@incollection{robotrobonova,
year={2009},
isbn={978-3-642-03985-0},
booktitle={Progress in Robotics},
volume={44},
series={Communications in Computer and Information Science},
editor={Kim, Jong-Hwan and Ge, ShuzhiSam and Vadakkepat, Prahlad and Jesse, Norbert and Al Manum, Abdullah and Puthusserypady K, Sadasivan and RÃ¼ckert, Ulrich and Sitte, Joaquin and Witkowski, Ulf and Nakatsu, Ryohei and Braunl, Thomas and Baltes, Jacky and Anderson, John and Wong, Ching-Chang and Verner, Igor and Ahlgren, David},
doi={10.1007/978-3-642-03986-7_3},
title={From RoboNova to HUBO: Platforms for Robot Dance},
url={http://dx.doi.org/10.1007/978-3-642-03986-7_3},
publisher={Springer Berlin Heidelberg},
keywords={Gestures; robots; robotics; dance; motion},
author={Grunberg, David and Ellenberg, Robert and Kim, YoungmooE. and Oh, PaulY.},
pages={19-24}
}

@INPROCEEDINGS{robotpuma239137, 
author={Mailisto, J. and Sorvari, J. and Koivo, H.N.}, 
booktitle={Industrial Electronics, Control and Instrumentation, 1991. Proceedings. IECON '91., 1991 International Conference on}, 
title={Identification of the first joint of the Puma robot}, 
year={1991}, 
pages={1095-1099 vol.2}, 
keywords={friction;identification;industrial robots;PUMA 560 FA;Tampere University of Technology;dynamic parameter estimation;friction;identification;industrial manipulator;industrial robot;model-based control;Books;Equations;Friction;Gears;Industrial control;Manipulator dynamics;PD control;Paper technology;Robot sensing systems;Service robots}, 
doi={10.1109/IECON.1991.239137},}

@inproceedings{robotdavinci,
  author    = {{\`E}ve Coste-Mani{\`e}re and
               Loua\"{\i} Adhami and
               Renaud Severac-Bastide and
               Adrian Lobontiu and
               John Kenneth Salisbury Jr. and
               Jean-Daniel Boissonnat and
               Nick Swarup and
               Gary Guthart and
               {\'E}lie Mousseaux and
               Alain Carpentier},
  title     = {Optimized Port Placement for the Totally Endoscopic Coronary
               Artery Bypass Grafting using the da Vinci Robotic System},
  booktitle = {ISER},
  year      = {2000},
  pages     = {199-208},
  ee        = {http://link.springer.de/link/service/series/0642/bibs/1271/12710199.htm},
  crossref  = {DBLP:conf/iser/2000},
  bibsource = {DBLP, http://dblp.uni-trier.de}
}


@ARTICLE{robotAdam5197424, 
author={King, R.D. and Rowland, J. and Aubrey, W. and Liakata, M. and Markham, M. and Soldatova, L.N. and Whelan, K.E. and Clare, A. and Young, M. and Sparkes, A. and Oliver, S.G. and Pir, P.}, 
journal={Computer}, 
title={The Robot Scientist Adam}, 
year={2009}, 
volume={42}, 
number={8}, 
pages={46-54}, 
keywords={artificial intelligence;robots;AI systems;Adam;robot scientist;Artificial intelligence;Capacitive sensors;Fungi;Hardware;Laboratories;Logic;Proteins;Robotics and automation;Robots;Systems biology;Adam;Artificial intelligence;Computer science;Keywords: Robot scientists;Laboratory automation software;Yeast functional genomics}, 
doi={10.1109/MC.2009.270}, 
ISSN={0018-9162},}



@INPROCEEDINGS{robotKismetScassellati98eyefinding,
    author = {Brian Scassellati},
    title = {Eye Finding via Face Detection for a Foveated, Active Vision System},
    booktitle = {Proceedings of the Fifteenth National Conference on Artificial Intelligence (AAAI-98},
    year = {1998},
    pages = {969--976}
}

@misc{robotElmer,
  Author = {Walter, W.},
  Month = {Vol. 4: 42 to 49},
  Year = {1950},
  Title = {An Electromechanical Animal, Dialectica}
}

