@INPROCEEDINGS{5152525, 
author={Mori, W. and Ueda, J. and Ogasawara, T.}, 
booktitle={Robotics and Automation, 2009. ICRA '09. IEEE International Conference on}, title={1-DOF dynamic pitching robot that independently controls velocity, Angular velocity, and direction of a ball: Contact models and motion planning}, 
year={2009}, 
month={may}, 
volume={}, 
number={}, 
pages={1655 -1661}, 
keywords={Angular velocity;Angular velocity control;Kinematics;Motion control;Motion planning;Nonlinear dynamical systems;Robot control;Search methods;Simulated annealing;Torque;angular velocity control;manipulator dynamics;manipulator kinematics;mobile robots;motion control;nonlinear control systems;path planning;search problems;simulated annealing;torque control;1-DOF dynamic pitching robot;SA algorithm;angular velocity control;finger-link contact model;fingertip contact model;joint torque command;kinematic variable;motion path planning;nonlinear system;planar ball-throwing robot;planer manipulator;search algorithm;simulated annealing;underactuated contact dynamics;}, 
doi={10.1109/ROBOT.2009.5152525}, 
ISSN={1050-4729},}

@INPROCEEDINGS{4651142, 
author={Senoo, T. and Namiki, A. and Ishikawa, M.}, 
booktitle={Intelligent Robots and Systems, 2008. IROS 2008. IEEE/RSJ International Conference on}, title={High-speed throwing motion based on kinetic chain approach}, 
year={2008}, 
month={sept.}, 
volume={}, 
number={}, 
pages={3206 -3211}, 
keywords={Elbow;Humans;Intelligent robots;Kinetic theory;Legged locomotion;Manipulator dynamics;Motion control;Robot control;Robot kinematics;Torque;manipulator dynamics;manipulator kinematics;motion control;torque control;ball control;high-speed dynamic manipulation;high-speed manipulator;high-speed throwing motion;kinetic chain approach;robotic throwing task;swing motion;torque transmission;}, 
doi={10.1109/IROS.2008.4651142}, 
ISSN={},}